

@article{thistlethwaite1960regression,
  author =        {Thistlethwaite, D. L. and Campbell, D. T.},
  journal =       {Journal of Educational Psychology},
  number =        {6},
  pages =         {309},
  publisher =     {American Psychological Association},
  title =         {Regression-discontinuity analysis: An alternative to
                   the ex post facto experiment.},
  volume =        {51},
  year =          {1960},
}

@article{lee2008randomized,
  author =        {Lee, David S.},
  journal =       {Journal of Econometrics},
  number =        {2},
  pages =         {675--697},
  publisher =     {Elsevier},
  title =         {Randomized experiments from non-random selection in
                   US House elections},
  volume =        {142},
  year =          {2008},
}

@article{lee2010regression,
  author =        {Lee, David S. and Lemieux, T.},
  journal =       {Journal of Economic Literature},
  pages =         {281--355},
  title =         {Regression Discontinuity Designs in Economics},
  volume =        {48},
  year =          {2010},
}

@article{lindo2010ability,
  author =        {Lindo, J. M. and Sanders, N. J. and Oreopoulos, P.},
  journal =       {American Economic Journal: Applied Economics},
  number =        {2},
  pages =         {95--117},
  publisher =     {American Economic Association},
  title =         {Ability, Gender, and Performance Standards: Evidence
                   from Academic Probation},
  volume =        {2},
  year =          {2010},
}

@article{imbens2008regression,
  author =        {Imbens, Guido W. and Lemieux, T.},
  journal =       {Journal of Econometrics},
  number =        {2},
  pages =         {615--635},
  publisher =     {Elsevier},
  title =         {Regression discontinuity designs: A guide to
                   practice},
  volume =        {142},
  year =          {2008},
}

@article{berk1983capitalizing,
  author =        {Berk, R. A. and Rauma, D.},
  journal =       {Journal of the American Statistical Association},
  pages =         {21--27},
  publisher =     {JSTOR},
  title =         {Capitalizing on nonrandom assignment to treatments: A
                   regression-discontinuity evaluation of a
                   crime-control program},
  year =          {1983},
}

@article{angrist1999using,
  author =        {Angrist, Joshua D and Lavy, Victor},
  journal =       {The Quarterly Journal of Economics},
  number =        {2},
  pages =         {533--575},
  publisher =     {Oxford University Press},
  title =         {Using {M}aimonides' rule to estimate the effect of
                   class size on scholastic achievement},
  volume =        {114},
  year =          {1999},
}

@article{dong2015regression,
  author =        {Dong, Yingying},
  journal =       {Journal of Applied Econometrics},
  number =        {3},
  pages =         {422--446},
  publisher =     {Wiley Online Library},
  title =         {Regression discontinuity applications with rounding
                   errors in the running variable},
  volume =        {30},
  year =          {2015},
}

@article{kolesarRothe17,
  author =        {Koles{\'a}r, Michal and Rothe, Christoph},
  journal =       {American Economic Review},
  number =        {8},
  pages =         {2277--2304},
  title =         {Inference in regression discontinuity designs with a
                   discrete running variable},
  volume =        {108},
  year =          {2018},
}

@article{wongWing,
  author =        {Wong, Vivian C. and Wing, Coady},
  journal =       {Observational Studies},
  pages =         {183-209},
  title =         {The Regression Discontinuity Design and the Social
                   Corruption of Quantitative Indicators},
  volume =        {2},
  year =          {2016},
}

@misc{saleslrd2019,
  ZZauthor =        {Sales, Adam C. and Hansen, Ben B.},
  ZZhowpublished =  {\url{https://github.com/adamsales/lrd}},
  author=         {(Authors)},
  howpublished=   {\url{https://github.com/}[Blinded]},
  journal =       {GitHub repository},
  publisher =     {GitHub},
  title =         {Limitless Regression Discontinuity},
  year =          {2019},
}

@article{santos2018use,
  author =        {Santos-Lozada, Alexis R and Howard, Jeffrey T},
  journal =       {Journal of the American Medical Association},
  number =        {14},
  pages =         {1491--1493},
  publisher =     {American Medical Association},
  title =         {Use of death counts from vital statistics to
                   calculate excess deaths in Puerto Rico following
                   Hurricane Maria},
  volume =        {320},
  year =          {2018},
}

@article{neyman:1923,
  author =        {Neyman, J.},
  journal =       {Statistical Science},
  note =          {1990; transl. by D. M. Dabrowska and T. P. Speed.},
  pages =         {463--480},
  title =         {On the application of probability theory to
                   agricultural experiments. Essay on principles. Section 9},
  volume =        {5},
  year =          {1923},
}

@article{rubin1974estimating,
  author =        {Rubin, Donald B.},
  journal =       {Journal of Educational Psychology; Journal of
                   Educational Psychology},
  number =        {5},
  pages =         {688},
  publisher =     {American Psychological Association},
  title =         {Estimating causal effects of treatments in randomized
                   and nonrandomized studies.},
  volume =        {66},
  year =          {1974},
}

@article{rosenbaum1983central,
  author =        {Rosenbaum, Paul R. and Rubin, Donald B.},
  journal =       {Biometrika},
  number =        {1},
  pages =         {41--55},
  publisher =     {Biometrika Trust},
  title =         {The central role of the propensity score in
                   observational studies for causal effects},
  volume =        {70},
  year =          {1983},
}

@article{cattaneo2014randomization,
  author =        {Cattaneo, Matias D and Frandsen, Brigham R and
                   Titiunik, Rocio},
  journal =       {Journal of Causal Inference},
  number =        {1},
  pages =         {1--24},
  title =         {Randomization inference in the regression
                   discontinuity design: An application to party
                   advantages in the {US} Senate},
  volume =        {3},
  year =          {2015},
}

@article{aronowRDDinterference,
  author =        {Aronow, Peter M. and Basta, Nicole E. and
                   Halloran, M. Elizabeth},
  journal =       {Observational Studies},
  pages =         {129-133},
  title =         {The Regression Discontinuity Design Under
                   Interference: A Local Randomization-based Approach},
  volume =        {2},
  year =          {2016},
}

@article{matteiMealliObsStud,
  author =        {Mattei, Alessandra and Mealli, Fabrizia},
  journal =       {Observational Studies},
  pages =         {156-173},
  title =         {Regression Discontinuity Designs as Local Randomized
                   Experiments},
  volume =        {2},
  year =          {2016},
}

@book{maronna2006robust,
  author =        {Maronna, Ricardo A. and Martin, Douglas and
                   Yohai, Victor},
  publisher =     {John Wiley \& Sons},
  title =         {Robust Statistics},
  year =          {2006},
}

@book{fisher:1935,
  address =       {Edinburgh},
  author =        {Fisher, R. A.},
  publisher =     {Oliver and Boyd},
  title =         {Design of Experiments},
  year =          {1935},
}

@article{little:1989,
  author =        {Little, Roderick J. A.},
  journal =       {The American Statistician},
  pages =         {283--288},
  title =         {Testing the Equality of Two Independent Binomial
                   Proportions},
  volume =        {43},
  issue=          {4},
  year =          {1989},
}

@article{upton1992FET,
  author =        {Upton, Graham JG},
  journal =       {Journal of the Royal Statistical Society. Series A
                   (Statistics in Society)},
  pages =         {395--402},
  publisher =     {JSTOR},
  title =         {Fisher's exact test},
  volume=         {155},
  issue=          {3},
  year =          {1992},
}

@article{canayKamat17RDDpermutations,
  author =        {Canay, Ivan A and Kamat, Vishal},
  journal =       {The Review of Economic Studies},
  number =        {3},
  pages =         {1577--1608},
  publisher =     {Oxford University Press},
  title =         {Approximate permutation tests and induced order
                   statistics in the regression discontinuity design},
  volume =        {85},
  year =          {2017},
}

@article{rebarPaper,
  author =        {Sales, Adam C and Hansen, Ben B and Rowan, Brian},
  journal =       {Journal of Educational and Behavioral Statistics},
  number =        {1},
  pages =         {3--31},
  publisher =     {SAGE Publications Sage CA: Los Angeles, CA},
  title =         {Rebar: Reinforcing a matching estimator with
                   predictions from high-dimensional covariates},
  volume =        {43},
  year =          {2018},
}

@article{agresti2005comment,
  author =        {Agresti, Alan and Gottard, Anna},
  journal =       {Statistical Science},
  number =        {4},
  pages =         {367--371},
  publisher =     {JSTOR},
  title =         {Comment: Randomized confidence intervals and the
                   mid-p approach},
  volume =        {20},
  year =          {2005},
}

@article{huber1964robust,
  author =        {Huber, Peter J.},
  journal =       {The Annals of Mathematical Statistics},
  number =        {1},
  pages =         {73--101},
  publisher =     {Institute of Mathematical Statistics},
  title =         {Robust estimation of a location parameter},
  volume =        {35},
  year =          {1964},
}

@article{stefanski2002calculus,
  author =        {Stefanski, Leonard A. and Boos, D. D.},
  journal =       {The American Statistician},
  number =        {1},
  pages =         {29--38},
  publisher =     {ASA},
  title =         {The calculus of {M}-estimation},
  volume =        {56},
  year =          {2002},
}

@book{cox:1958,
  author =        {Cox, D. R.},
  publisher =     {John Wiley},
  title =         {The Planning of Experiments},
  year =          {1958},
}

@article{rubin:1978,
  author =        {Rubin, Donald B.},
  journal =       {The Annals of Statistics},
  pages =         {34--58},
  title =         {Bayesian Inference for Causal Effects: {T}he Role of
                   Randomization},
  volume =        {6},
  year =          {1978},
}

@article{agresti2011scoreintervals,
  author =        {Agresti, Alan},
  journal =       {Statistics in Biopharmaceutical Research},
  number =        {2},
  pages =         {163--172},
  publisher =     {Taylor \& Francis},
  title =         {Score and pseudo-score confidence intervals for
                   categorical data analysis},
  volume =        {3},
  year =          {2011},
}

@article{bloom1984ans,
  author =        {Bloom, Howard S.},
  journal =       {Evaluation Review},
  number =        {2},
  pages =         {225},
  title =         {{Accounting for no-shows in experimental evaluation
                   designs}},
  volume =        {8},
  year =          {1984},
}

@article{Angrist:etal:1996,
  author =        {Angrist, Joshua D. and Imbens, Guido W. and
                   Rubin, Donald B.},
  journal =       {Journal of the American Statistical Association},
  month =         {June},
  number =        {434},
  pages =         {444--455},
  title =         {Identification of causal effects using instrumental
                   variables},
  volume =        {91},
  year =          {1996},
}

@article{imbens:rose:2005,
  author =        {Imbens, Guido W. and Rosenbaum, Paul R.},
  journal =       {Journal of the Royal Statistical Society, Series A:
                   Statistics in Society},
  number =        {1},
  pages =         {109--126},
  title =         {Robust, Accurate Confidence Intervals with a Weak
                   Instrument: {Q}uarter of Birth and Education},
  volume =        {168},
  year =          {2005},
}

@article{rosenbaum:1996:onAIR,
  author =        {Rosenbaum, Paul R.},
  journal =       {Journal of the American Statistical Association},
  month =         {June},
  number =        {434},
  pages =         {465--468},
  title =         {Identification of causal effects using instrumental
                   variables: Comment},
  volume =        {91},
  year =          {1996},
}

@article{baiocchiChengSmall2014IVtutorial,
  author =        {Baiocchi, Michael and Cheng, Jing and Small, Dylan S},
  journal =       {Statistics in Medicine},
  number =        {13},
  pages =         {2297--2340},
  publisher =     {Wiley Online Library},
  title =         {Instrumental variable methods for causal inference},
  volume =        {33},
  year =          {2014},
}

@inproceedings{huber1967behavior,
  author =        {Huber, Peter J},
  booktitle =     {Proceedings of the fifth Berkeley symposium on
                   mathematical statistics and probability},
  pages =         {221--233},
  title =         {The behavior of maximum likelihood estimates under
                   nonstandard conditions},
  volume =        {1},
  year =          {1967},
}

@article{mackinnonWhite1985sandwichHC,
  author =        {MacKinnon, James G and White, Halbert},
  journal =       {Journal of Econometrics},
  number =        {3},
  pages =         {305--325},
  publisher =     {Elsevier},
  title =         {Some heteroskedasticity-consistent covariance matrix
                   estimators with improved finite sample properties},
  volume =        {29},
  year =          {1985},
}

@article{longErvin2000sandwichHC,
  author =        {Long, J Scott and Ervin, Laurie H},
  journal =       {The American Statistician},
  number =        {3},
  pages =         {217--224},
  publisher =     {Taylor \& Francis Group},
  title =         {Using heteroscedasticity consistent standard errors
                   in the linear regression model},
  volume =        {54},
  year =          {2000},
}

@article{bellmccaffrey2002sandwichSEs,
  author =        {Bell, Robert M and McCaffrey, Daniel F},
  journal =       {Survey Methodology},
  number =        {2},
  pages =         {169--182},
  title =         {Bias reduction in standard errors for linear
                   regression with multi-stage samples},
  volume =        {28},
  year =          {2002},
}

@article{pustejovskyTipton2017sandwichSEs,
  author =        {Pustejovsky, James E and Tipton, Elizabeth},
  journal =       {Journal of Business \& Economic Statistics},
  title =         {Small-Sample Methods for Cluster-Robust Variance
                   Estimation and Hypothesis Testing in Fixed Effects
                   Models},
  year =          {2017},
  ZZZdoi =           {10.1080/07350015.2016.1247004},
}

@article{freedman2006sch,
  author =        {Freedman, David A.},
  journal =       {The American Statistician},
  number =        {4},
  pages =         {299--302},
  publisher =     {American Statistical Association},
  title =         {On The So-Called ``{H}uber Sandwich Estimator'' and
                   ``Robust Standard Errors"},
  volume =        {60},
  year =          {2006},
}

@book{cox2006pos,
  author =        {Cox, D. R.},
  publisher =     {Cambridge University Press},
  title =         {Principles of Statistical Inference},
  year =          {2006},
}

@article{liMatteiMealli2015BayesianRD,
  author =        {Li, Fan and Mattei, Alessandra and Mealli, Fabrizia},
  journal =       {The Annals of Applied Statistics},
  number =        {4},
  pages =         {1906--1931},
  publisher =     {Institute of Mathematical Statistics},
  title =         {Evaluating the causal effect of university grants on
                   student dropout: Evidence from a regression
                   discontinuity design using principal stratification},
  volume =        {9},
  year =          {2015},
}

@article{mccrary2008manipulation,
  author =        {McCrary, J.},
  journal =       {Journal of Econometrics},
  number =        {2},
  pages =         {698--714},
  title =         {Manipulation of the running variable in the
                   regression discontinuity design: A density test},
  volume =        {142},
  year =          {2008},
}

@article{rosenbaum2008testing,
  author =        {Rosenbaum, Paul R.},
  journal =       {Biometrika},
  number =        {1},
  pages =         {248--252},
  publisher =     {Biometrika Trust},
  title =         {Testing hypotheses in order},
  volume =        {95},
  year =          {2008},
}

@article{hansenSales2015cochran,
  author =        {Hansen, Ben B. and Sales, Adam C.},
  journal =       {Observational Studies},
  number =        {1},
  pages =         {184-193},
  title =         {Comments on ``{O}bservational {S}tudies,''
                   by {W}illiam {G}. {C}ochran},
  volume =        {1},
  year =          {2015},
}

@article{barrecaetal2011birthweightRDD,
  author =        {Barreca, Alan I and Guldi, Melanie and Lindo, Jason M and
                   Waddell, Glen R},
  journal =       {The Quarterly Journal of Economics},
  number =        {4},
  pages =         {2117--2123},
  publisher =     {Oxford University Press},
  title =         {Saving babies? {R}evisiting the effect of very low
                   birth weight classification},
  volume =        {126},
  year =          {2011},
}

@article{eggers2014validity,
  author =        {Eggers, Andrew and Fowler, Anthony and
                   Hainmueller, Jens and Hall, Andrew B and
                   Snyder, James M},
  journal =       {American Journal of Political Science},
  volume =        {59},
  number =        {1},
  pages =         {259--74},
  title =         {On the validity of the regression discontinuity
                   design for estimating electoral effects: New evidence
                   from over 40,000 close races},
  year =          {2015},
}

@article{gelman2016high,
  author =        {Gelman, Andrew and Imbens, Guido W.},
  journal =       {Journal of Business and Economic Statistics},
  title =         {Why High-order Polynomials Should not be Used in
                   Regression Discontinuity Designs},
  year =          {2018},
  ZZZdoi =           {10.1080/07350015.2017.1366909},
}

@book{cook1982residuals,
  author =        {Cook, R. Dennis and Weisberg, Sanford},
  publisher =     {Chapman and Hall New York},
  title =         {{Residuals and influence in regression}},
  year =          {1982},
}

@article{rubin2007design,
  author =        {Rubin, Donald B.},
  journal =       {Statistics in Medicine},
  number =        {1},
  pages =         {20--36},
  publisher =     {Wiley Online Library},
  title =         {The design versus the analysis of observational
                   studies for causal effects: Parallels with the design
                   of randomized trials},
  volume =        {26},
  year =          {2007},
}

@article{stefanski1991note,
  author =        {Stefanski, Leonard A.},
  journal =       {Statistics \& Probability Letters},
  number =        {4},
  pages =         {353--358},
  publisher =     {Elsevier},
  title =         {A note on high-breakdown estimators},
  volume =        {11},
  year =          {1991},
}

@article{he1991localbreakdown,
  author =        {He, Xuming},
  journal =       {Journal of Multivariate Analysis},
  number =        {2},
  pages =         {294--305},
  publisher =     {Elsevier},
  title =         {A local breakdown property of robust tests in linear
                   regression},
  volume =        {38},
  year =          {1991},
}

@article{yohaiZamar1997locallyrobustMestimates,
  author =        {Yohai, V{\'\i}ctor J and Zamar, Ruben H},
  journal =       {Journal of Statistical Planning and Inference},
  number =        {2},
  pages =         {309--323},
  publisher =     {Elsevier},
  title =         {Optimal locally robust {M}-estimates of regression},
  volume =        {64},
  year =          {1997},
}

@article{salibian-barreraYohai2006fastS,
  author =        {Salibian-Barrera, Mat{\'\i}as and
                   Yohai, V{\'\i}ctor J},
  journal =       {Journal of Computational and Graphical Statistics},
  number =        {2},
  pages =         {414--427},
  publisher =     {Taylor \& Francis},
  title =         {A fast algorithm for S-regression estimates},
  volume =        {15},
  year =          {2006},
}

@article{verardiCroux2009robust,
  author =        {Verardi, Vincenzo and Croux, Christophe},
  journal =       {The Stata Journal},
  number =        {3},
  pages =         {39--453},
  title =         {Robust regression in {S}tata},
  year =          {2009},
}

@manual{rousseuwetal2015robustbase,
  author =        {Rousseeuw, Peter and Croux, Christophe and
                   Todorov, Valentin and Ruckstuhl, Andreas and
                   Salibian-Barrera, Matias and Verbeke, Tobias and
                   Koller, Manuel and Maechler, Martin},
  note =          {R package version 0.92-5},
  title =         {{robustbase}: Basic Robust Statistics},
  year =          {2015},
  url =           {http://CRAN.R-project.org/package=robustbase},
}

@article{boos1992genscoretest,
  author =        {Boos, Dennis D.},
  journal =       {The American Statistician},
  number =        {4},
  pages =         {327--333},
  publisher =     {Taylor \& Francis},
  title =         {On generalized score tests},
  volume =        {46},
  year =          {1992},
}

@incollection{frandsenTest,
  author =        {Frandsen, Brigham R},
  booktitle =     {Regression Discontinuity Designs: Theory and
                   Applications},
  editor =        {Cattaneo, Matias D. and Escanciano, Juan Carlos},
  pages =         {281--315},
  publisher =     {Emerald Publishing Limited},
  title =         {Party bias in union representation elections: Testing
                   for manipulation in the regression discontinuity
                   design when the running variable is discrete},
  year =          {2017},
}

@article{imbens2012optimal,
  author =        {Imbens, Guido W. and Kalyanaraman, Karthik},
  journal =       {The Review of Economic Studies},
  number =        {3},
  pages =         {933--959},
  publisher =     {Oxford University Press},
  title =         {Optimal bandwidth choice for the regression
                   discontinuity estimator},
  volume =        {79},
  year =          {2012},
}

@manual{rdd,
  author =        {Drew Dimmery},
  note =          {{R} package version 0.54},
  title =         {rdd: Regression Discontinuity Estimation},
  year =          {2013},
  url =           {http://CRAN.R-project.org/package=rdd},
}

@article{cct,
  author =        {Calonico, Sebastian and Cattaneo, Matias D and
                   Titiunik, Rocio},
  journal =       {Econometrica},
  number =        {6},
  pages =         {2295--2326},
  publisher =     {Wiley Online Library},
  title =         {Robust nonparametric confidence intervals for
                   regression-discontinuity designs},
  volume =        {82},
  year =          {2014},
}

@article{imbens2017optimized,
  author =        {Imbens, Guido W. and Wager, Stefan},
  journal =       {arXiv preprint arXiv:1705.01677},
  title =         {Optimized Regression Discontinuity Designs},
  year =          {2017},
}

@article{he2000parameters,
  author =        {He, Xuming and Shao, Qi-Man},
  journal =       {Journal of Multivariate Analysis},
  number =        {1},
  pages =         {120--135},
  publisher =     {Elsevier},
  title =         {On parameters of increasing dimensions},
  volume =        {73},
  year =          {2000},
}

@article{bowers:hans:2008,
  author =        {Hansen, Ben B. and Bowers, Jake},
  journal =       {Journal of the American Statistical Association},
  number =        {487},
  pages =         {873--85},
  title =         {Attributing Effects to A Cluster Randomized
                   Get-Out-The-Vote Campaign},
  volume =        {104},
  year =          {2009},
}

@article{lin2013agnostic,
  author =        {Lin, Winston},
  journal =       {The Annals of Applied Statistics},
  number =        {1},
  pages =         {295--318},
  publisher =     {Institute of Mathematical Statistics},
  title =         {Agnostic notes on regression adjustments to
                   experimental data: reexamining {F}reedman's critique},
  volume =        {7},
  year =          {2013},
}

@article{lin2013agnosticSupp,
  author =        {Lin, Winston},
  journal =       {The Annals of Applied Statistics},
  publisher =     {Institute of Mathematical Statistics},
  title =         {Supplement to ``{A}gnostic notes on regression
                   adjustments to experimental data: reexamining
                   {F}reedman's critique''},
  year =          {2013},
  ZZZdoi =           {10.1214/12-AOAS583SUPP},
}

@book{ferguson1996largesampletheory,
  author =        {Ferguson, Thomas Shelburne},
  publisher =     {Chapman \& Hall London},
  title =         {A course in large sample theory},
  year =          {1996},
}

